@BOOK{bib:introduction,
    AUTHOR    = "S. Scott Collis",
    TITLE     = "An Introduction to Numerical Analysis for Computational Fluid Mechanics",
    YEAR      = "26 April 2005",
    PUBLISHER = "Sandia National Laboratories",
    ADDRESS   = "Albuquerque, New Mexico 87185 and Livermore, California 94550"
};

@BOOK{bib:hoffman,
	AUTHOR    = "Klaus A. Hoffman and Steve T. Chiang",
	TITLE     = "Computational fluid dynamics Volume I, Edition IV",
	YEAR      = "August 2000",
	PUBLISHER = "Engineering Education System",
	ADDRESS   = "Wichita, Kansas, 67208-1078, USA"
};

@BOOK{bib:fletcher,
	AUTHOR    = "C. A. J. Fletcher",
	TITLE     = "Computational Techniques for Fluid Dynamics 1, Fundamental and General Techniques, Second Edition",
	YEAR      = "26 April 2005",
	PUBLISHER = "Library of Congress Cataloging-in-Publication Data",
	ADDRESS   = "Springer-Verlag, New York, Berlin, Heidelberg"
};

@BOOK{bib:ferzinger,
	AUTHOR    = "J.H. Ferziger and M. Peric",
	TITLE     = "Computational Methods for Fluid Dynamics 3rd Edition",
	YEAR      = "1996",
	PUBLISHER = "Springer"
};

@MISC{bib:advection,
	HOWPUBLISHED = "https://en.wikipedia.org/wiki/Advection",
	TITLE = "Usage of advection equation",
	NOTE = "access date: 17.11.2016"
};

@MISC{bib:lectures,
	TITLE	= "Slides from the lectures - Computational Methods",
	NOTE	= "27.09.2016 - 07.10.2016",
	HOWPUBLISHED	= "Published via https://bb.cranfield.ac.uk/ by Dr Irene Moulitsas"
};
